@inproceedings{bhosale2018modified,
  title={Modified naive bayes intrusion detection system (mnbids)},
  author={Bhosale, Karuna S and Nenova, Maria and Iliev, Georgi},
  booktitle={2018 International Conference on Computational Techniques, Electronics and Mechanical Systems (CTEMS)},
  pages={291--296},
  year={2018},
  organization={IEEE}
}

@inproceedings{chamou2019intrusion,
  title={Intrusion detection system based on network traffic using deep neural networks},
  author={Chamou, Dimitra and Toupas, Petros and Ketzaki, Eleni and Papadopoulos, Stavros and Giannoutakis, Konstantinos M and Drosou, Anastasios and Tzovaras, Dimitrios},
  booktitle={2019 IEEE 24th International Workshop on Computer Aided Modeling and Design of Communication Links and Networks (CAMAD)},
  pages={1--6},
  year={2019},
  organization={IEEE}
}

@inproceedings{anbar2016comparative,
  title={Comparative Performance Analysis of classification algorithm for Internal Intrusion Detection},
  author={Anbar, Mohammed and Abdulah, Rosni and Hasbullah, Izan H and Chong, Yung-Wey and Elejla, Omar E},
  booktitle={2016 14th Annual Conference on Privacy Security and Trust (PCT)},
  year={2016}
}

@inproceedings{chen2017novel,
  title={A novel unsupervised anomaly detection approach for intrusion detection system},
  author={Chen, Weiwei and Kong, Fangang and Mei, Feng and Yuan, Guiqin and Li, Bo},
  booktitle={2017 ieee 3rd international conference on big data security on cloud (bigdatasecurity), ieee international conference on high performance and smart computing (hpsc), and ieee international conference on intelligent data and security (ids)},
  pages={69--73},
  year={2017},
  organization={IEEE}
}

@article{buczak2015survey,
  title={A survey of data mining and machine learning methods for cyber security intrusion detection},
  author={Buczak, Anna L and Guven, Erhan},
  journal={IEEE Communications surveys \& tutorials},
  volume={18},
  number={2},
  pages={1153--1176},
  year={2015},
  publisher={IEEE}
}

@inproceedings{koli2017advanced,
  title={An advanced method for detection of botnet traffic using intrusion detection system},
  author={Koli, Manoj S and Chavan, Manik K},
  booktitle={2017 International Conference on Inventive Communication and Computational Technologies (ICICCT)},
  pages={481--485},
  year={2017},
  organization={IEEE}
}

@inproceedings{kacem2016ads,
  title={An ADS-B intrusion detection system},
  author={Kacem, Thabet and Wijesekera, Duminda and Costa, Paulo and Barreto, Alexandre},
  booktitle={2016 IEEE Trustcom/BigDataSE/ISPA},
  pages={544--551},
  year={2016},
  organization={IEEE}
}

@article{pan2015developing,
  title={Developing a hybrid intrusion detection system using data mining for power systems},
  author={Pan, Shengyi and Morris, Thomas and Adhikari, Uttam},
  journal={IEEE Transactions on Smart Grid},
  volume={6},
  number={6},
  pages={3104--3113},
  year={2015},
  publisher={IEEE}
}

@article{borole20206g,
  title={6G Network Access and Edge-Assisted Congestion Rule Mechanism using Software-Defined Networking},
  author={Borole, Prajakta and Sharma, Yogesh Kumar and Nemade, Santosh},
  journal={International Journal of Future Generation Communication and Networking},
  volume={13},
  number={1s},
  pages={107--112},
  year={2020}
}